@online{distributedfs,
	title = {Distributed file system},
	howpublished   = {https://en.wikipedia.org/wiki/Clustered\_file\_system\#Distributed\_file\_systems},
}
@online{raid,
title = {RAID},
howpublished   = {https://en.wikipedia.org/wiki/RAID},
}
@online{vm,
title = {Virtual machine},
howpublished   = {https://www.vmware.com/topics/glossary/content/virtual-machine},
}
@online{backuptypes,
title = {Backup types},
howpublished   = {https://www.acronis.com/en-eu/articles/incremental-differential-backups/},
}
@online{ddbms,
title = {Distributed database},
howpublished   = {https://www.tutorialspoint.com/distributed\_dbms/distributed\_dbms\_databases.htm},
}
@online{fs,
title = {File system},
howpublished   = {https://en.wikipedia.org/wiki/File\_system},
}
@online{path,
title = {Path},
howpublished   = {https://en.wikipedia.org/wiki/Path\_(computing)},
}
@online{utc,
	title = {UTC},
	howpublished   = {https://en.wikipedia.org/wiki/Coordinated\_Universal\_Time},
}
@online{utf,
	title = {UTF},
	howpublished   = {https://en.wikipedia.org/wiki/UTF-8},
}
@online{uuid,
	title = {UUID},
	howpublished   = {https://en.wikipedia.org/wiki/Universally\_unique\_identifier},
}
@online{comproto,
	title = {Communication protocol},
	howpublished   = {https://en.wikipedia.org/wiki/Communication\_protocol},
}
@online{logfile,
	title = {Log file},
	howpublished   = {https://en.wikipedia.org/wiki/Log\_file},
}
@online{tls,
	title = {TLS},
	howpublished   = {https://hpbn.co/transport-layer-security-tls/},
}
@online{sha1,
	title = {SHA-1},
	howpublished   = {https://en.wikipedia.org/wiki/SHA-1},
}
@online{key,
	title = {Surrogate key},
	howpublished   = {https://en.wikipedia.org/wiki/Surrogate\_key},
}
@online{consistency,
	title = {Consistency},
	howpublished   = {https://en.wikipedia.org/wiki/Consistency\_(database\_systems)},
}
@online{quorum,
	title = {QUORUM},
	howpublished   = {https://en.wikipedia.org/wiki/Quorum\_(distributed\_computing)},
}
@online{paxos,
	title = {PAXOS},
	howpublished   = {https://en.wikipedia.org/wiki/Paxos\_(computer\_science) },
}
@online{lwt,
	title = {Lightweight transactions (Cassandra)},
	howpublished   = {https://blog.pythian.com/lightweight-transactions-cassandra/},
}
@online{conslevel,
	title = {Consistency level (Cassandra)},
	howpublished   = {https://docs.datastax.com/en/cassandra-oss/3.0/cassandra/dml/dmlConfigConsistency.html},
}
@online{yaml,
	title = {YAML},
	howpublished   = {https://en.wikipedia.org/wiki/YAML},
}
@online{adapter,
	title = {Adapter design pattern},
	howpublished   = {https://www.tutorialspoint.com/python\_design\_patterns/python\_design\_patterns\_adapter.htm},
}
